@online{kube-for-hpc,
	title = {Kubernetes Meets High-Performance Computing},
	url = {https://kubernetes.io/blog/2017/08/kubernetes-meets-high-performance/},
	urldate = {2020-04-21}
}

@misc{scheduler-complexity,
	url = {http://www2.informatik.uni-osnabrueck.de/knust/class/},
	title = {Complexity results for scheduling problems},
	institution = {Universität Osnabrück},
	author={{Peter Brucker, Sigrid Kunst}},
	date = {2009-06-29},
	urldate = {2020-06-10}
}

@article{lee2017design,
  title={Design on distributed deep learning platform with big data},
  author={Lee, Mikyoung and Shin, Sungho and Song, Sa-Kwang},
  year={2017}
}

@conference{233001,
author = {Boris Tvaroska},
title = {Deep Learning Lifecycle Management with Kubernetes, {REST}, and Python},
year = {2019},
address = {Santa Clara, CA},
publisher = {{USENIX} Association},
month = may,
}

@inproceedings{10.1145/3154842.3154845,
author = {Seelam, Seetharami R. and Li, Yubo},
title = {Orchestrating Deep Learning Workloads on Distributed Infrastructure},
year = {2017},
isbn = {9781450351690},
publisher = {Association for Computing Machinery, New York, NY, USA},
url = {https://doi.org/10.1145/3154842.3154845},
doi = {10.1145/3154842.3154845},
booktitle = {Proceedings of the 1st Workshop on Distributed Infrastructures for Deep Learning},
pages = {9–10},
numpages = {2},
keywords = {GPU, deep learning, kubernetes, container},
location = {Las Vegas, Nevada},
series = {DIDL ’17}
}

@INPROCEEDINGS{8950981,  author={A. M. {Beltre} and P. {Saha} and M. {Govindaraju} and A. {Younge} and R. E. {Grant}},  booktitle={2019 IEEE/ACM International Workshop on Containers and New Orchestration Paradigms for Isolated Environments in HPC (CANOPIE-HPC)},   title={Enabling HPC Workloads on Cloud Infrastructure Using Kubernetes Container Orchestration Mechanisms},   year={2019},  volume={},  number={},  pages={11-20},}

@article{andrae2017total,
  title={Total consumer power consumption forecast},
  author={Andrae, Anders},
  journal={Nordic Digital Business Summit},
  volume={10},
  year={2017}
}

@article{barroso2018datacenter,
  title={The datacenter as a computer: Designing warehouse-scale machines},
  author={Barroso, Luiz Andr{\'e} and H{\"o}lzle, Urs and Ranganathan, Parthasarathy},
  journal={Synthesis Lectures on Computer Architecture},
  volume={13},
  number={3},
  pages={i--189},
  year={2018},
  publisher={Morgan \& Claypool Publishers}
}

@INPROCEEDINGS{4637675,  author={R. {Buyya} and C. S. {Yeo} and S. {Venugopal}},  booktitle={2008 10th IEEE International Conference on High Performance Computing and Communications},   title={Market-Oriented Cloud Computing: Vision, Hype, and Reality for Delivering IT Services as Computing Utilities},   year={2008},  volume={},  number={},  pages={5-13},}

@phdthesis{poquet:tel-01757245,
  TITLE = {{Simulation approach for resource management}},
  AUTHOR = {Poquet, Millian},
  URL = {https://tel.archives-ouvertes.fr/tel-01757245},
  NUMBER = {2017GREAM098},
  SCHOOL = {{Universit{\'e} Grenoble Alpes}},
  YEAR = {2017},
  MONTH = Dec,
  KEYWORDS = {Energy ; Separation of concerns ; High performance computing ; Simulation ; Resource management ; {\'E}nergie ; Modularit{\'e} ; Gestion de ressources ; Simulation ; Calcul haute performance},
  TYPE = {Theses},
  PDF = {https://tel.archives-ouvertes.fr/tel-01757245/file/POQUET_2017_archivage.pdf},
  HAL_ID = {tel-01757245},
  HAL_VERSION = {v2},
}

@inproceedings{dutot:hal-01333471,
  TITLE = {{Batsim: a Realistic Language-Independent Resources and Jobs Management Systems Simulator}},
  AUTHOR = {Dutot, Pierre-Fran{\c c}ois and Mercier, Michael and Poquet, Millian and Richard, Olivier},
  URL = {https://hal.archives-ouvertes.fr/hal-01333471},
  BOOKTITLE = {{20th Workshop on Job Scheduling Strategies for Parallel Processing}},
  ADDRESS = {Chicago, United States},
  YEAR = {2016},
  MONTH = May,
  KEYWORDS = {Reproducibility ; RJMS ; Scheduling ; Simulation},
  PDF = {https://hal.archives-ouvertes.fr/hal-01333471/file/batsim.pdf},
  HAL_ID = {hal-01333471},
  HAL_VERSION = {v1},
}

@article{casanova:hal-01017319,
          hal_id = {hal-01017319},
          url = {http://hal.inria.fr/hal-01017319},
          title = {Versatile, Scalable, and Accurate Simulation of Distributed Applications and Platforms},
          author = {Casanova, Henri and Giersch, Arnaud and Legrand, Arnaud and Quinson, Martin and Suter, Fr{\'e}d{\'e}ric},
          publisher = {Elsevier},
          pages = {2899-2917},
          journal = {Journal of Parallel and Distributed Computing},
          volume = {74},
          number = {10},
          year = {2014},
          month = Jun,
          pdf = {http://hal.inria.fr/hal-01017319/PDF/simgrid3-journal.pdf},
      }

@article{10.1016/S0022-0000(75)80008-0,
author = {Ullman, J. D.},
title = {NP-Complete Scheduling Problems},
year = {1975},
issue_date = {June, 1975},
publisher = {Academic Press, Inc.},
address = {USA},
volume = {10},
number = {3},
issn = {0022-0000},
url = {https://doi.org/10.1016/S0022-0000(75)80008-0},
doi = {10.1016/S0022-0000(75)80008-0},
journal = {J. Comput. Syst. Sci.},
month = jun,
pages = {384–393},
numpages = {10}
}

@phdthesis{legrand2015scheduling,
  title={Scheduling for large scale distributed computing systems: approaches and performance evaluation issues},
  author={Legrand, Arnaud},
  year={2015}
}

@InProceedings{10.1007/978-3-319-09873-9_12,
author="Klus{\'a}{\v{c}}ek, Dalibor
and T{\'o}th, {\v{S}}imon",
editor="Silva, Fernando
and Dutra, In{\^e}s
and Santos Costa, V{\'i}tor",
title="On Interactions among Scheduling Policies: Finding Efficient Queue Setup Using High-Resolution Simulations",
booktitle="Euro-Par 2014 Parallel Processing",
year="2014",
publisher="Springer International Publishing",
address="Cham",
pages="138--149",
isbn="978-3-319-09873-9"
}

@misc{yabuuchi2019lowlatency,
    title={Low-latency job scheduling with preemption for the development of deep learning},
    author={Hidehito Yabuuchi and Daisuke Taniwaki and Shingo Omura},
    year={2019},
    eprint={1902.01613},
    archivePrefix={arXiv},
    primaryClass={cs.DC}
}

@inproceedings{p2p09-peersim,
	Author = {Alberto Montresor and M\'{a}rk Jelasity},
	Title = {{PeerSim}: A Scalable {P2P} Simulator},
	Booktitle = {Proc. of the 9th Int. Conference on Peer-to-Peer (P2P'09)},
	Year = {2009},
	Month = sep,
	Pages = {99-100},
	Address = {Seattle, WA},
}

@inproceedings{baumgart2009oversim,
  title={OverSim: A scalable and flexible overlay framework for simulation and real network applications},
  author={Baumgart, Ingmar and Heep, Bernhard and Krause, Stephan},
  booktitle={2009 IEEE Ninth International Conference on Peer-to-Peer Computing},
  pages={87--88},
  year={2009},
  organization={IEEE}
}

@article{simBA,
author = {Flores, David},
year = {2006},
month = {01},
pages = {},
title = {SimBA: A discrete-event simulator for performance prediction of volunteer computing projects},
journal = {ETD Collection for University of Texas, El Paso},
doi = {10.1145/1188455.1188629}
}

@misc{kondo2007simboinc,
  title={SimBOINC: A simulator for desktop grids and volunteer computing systems},
  author={Kondo, Derrick},
  year={2007},
  publisher={ed}
}

@article{alonso2017combos,
  title={Combos: A complete simulator of volunteer computing and desktop grids},
  author={Alonso-Monsalve, Sa{\'u}l and Garc{\'\i}a-Carballeira, F{\'e}lix and Calder{\'o}n, Alejandro},
  journal={Simulation Modelling Practice and Theory},
  volume={77},
  pages={197--211},
  year={2017},
  publisher={Elsevier}
}
